@article{Abell1968,
  title = {Structural {{Balance}} in {{Dynamic Structures}}},
  author = {Abell, Peter},
  date = {1968-09-01},
  journaltitle = {Sociology},
  volume = {2},
  number = {3},
  pages = {333--352},
  publisher = {SAGE Publications Ltd},
  issn = {0038-0385},
  doi = {10.1177/003803856800200305},
  langid = {english},
  keywords = {⭕},
  file = {/home/bedw/Documents/papers/Abell1968.pdf}
}

@article{AlbertBarabasi2002,
  title = {Statistical Mechanics of Complex Networks},
  author = {Albert, Réka and Barabási, Albert-László},
  date = {2002-01-30},
  journaltitle = {Reviews of Modern Physics},
  shortjournal = {Rev. Mod. Phys.},
  volume = {74},
  number = {1},
  pages = {47--97},
  publisher = {American Physical Society},
  doi = {10.1103/RevModPhys.74.47},
  keywords = {⭕,🔴},
  file = {/home/bedw/Documents/papers/AlbertBarabasi2002.pdf;/home/bedw/Zotero/storage/2UWZYEIM/RevModPhys.74.html}
}

@article{Aleman2009,
  title = {Institutions, {{Political Conflict}} and the {{Cohesion}} of {{Policy Networks}} in the {{Chilean Congress}}, 1961–2006},
  author = {Alemán, Eduardo},
  date = {2009-08},
  journaltitle = {Journal of Latin American Studies},
  volume = {41},
  number = {3},
  pages = {467--491},
  publisher = {Cambridge University Press},
  issn = {1469-767X, 0022-216X},
  doi = {10.1017/S0022216X09990150},
  langid = {english},
  keywords = {🔴,Chile,instituciones,instituições,institutions,legislative politics,policy networks,política legislativa,políticas legislativas,redes de políticas públicas,redes políticas},
  file = {/home/bedw/Documents/papers/Aleman2009.pdf}
}

@article{AlemanCalvo2013,
  title = {Explaining {{Policy Ties}} in {{Presidential Congresses}}: {{A Network Analysis}} of {{Bill Initiation Data}}},
  author = {Alemán, Eduardo and Calvo, Ernesto},
  date = {2013-06-01},
  journaltitle = {Political Studies},
  volume = {61},
  number = {2},
  pages = {356--377},
  doi = {10.1111/j.1467-9248.2012.00964.x},
  keywords = {/unread,⭕},
  annotation = {MAG ID: 1595430138},
  file = {/home/bedw/Documents/papers/AlemanCalvo2013.pdf}
}

@article{AnandBianconi2009,
  title = {Entropy Measures for Networks: {{Toward}} an Information Theory of Complex Topologies},
  shorttitle = {Entropy Measures for Networks},
  author = {Anand, Kartik and Bianconi, Ginestra},
  date = {2009-10-13},
  journaltitle = {Physical Review E},
  shortjournal = {Phys. Rev. E},
  volume = {80},
  number = {4},
  pages = {045102},
  publisher = {American Physical Society},
  doi = {10.1103/PhysRevE.80.045102},
  keywords = {⭕},
  file = {/home/bedw/Documents/papers/AnandBianconi2009.pdf;/home/bedw/Zotero/storage/TRYQ8TH5/PhysRevE.80.html}
}

@article{Andris2015,
  title = {The {{Rise}} of {{Partisanship}} and {{Super-Cooperators}} in the {{U}}.{{S}}. {{House}} of {{Representatives}}},
  author = {Andris, Clio and Lee, David and Hamilton, Marcus J. and Martino, Mauro and Gunning, Christian E. and Selden, John Armistead},
  date = {2015-04-21},
  journaltitle = {PLOS ONE},
  shortjournal = {PLOS ONE},
  volume = {10},
  number = {4},
  pages = {e0123507},
  publisher = {Public Library of Science},
  issn = {1932-6203},
  doi = {10.1371/journal.pone.0123507},
  langid = {english},
  keywords = {⭕,Economic geography,Elections,Governments,Interpersonal relationships,Legislation,Political parties,Probability density,United States},
  file = {/home/bedw/Documents/papers/Andris22.pdf}
}

@article{Antal2005,
  title = {Dynamics of Social Balance on Networks},
  author = {Antal, T. and Krapivsky, P. L. and Redner, S.},
  date = {2005-09-21},
  journaltitle = {Physical Review E},
  shortjournal = {Phys. Rev. E},
  volume = {72},
  number = {3},
  pages = {036121},
  issn = {1539-3755, 1550-2376},
  doi = {10.1103/PhysRevE.72.036121},
  langid = {english},
  keywords = {_tablet,🔴},
  file = {/home/bedw/Documents/papers/Antal2005.pdf}
}

@article{ArabAfsharchi2012,
  title = {A {{Modularity Maximization Algorithm}} for {{Community Detection}} in {{Social Networks}} with {{Low Time Complexity}}},
  author = {Arab, Mohsen and Afsharchi, Mohsen},
  date = {2012-12-04},
  journaltitle = {2012 IEEE/WIC/ACM International Conferences on Web Intelligence and Intelligent Agent Technology},
  volume = {1},
  pages = {480--487},
  doi = {10.1109/wi-iat.2012.97},
  annotation = {MAG ID: 2067024980},
  file = {/home/bedw/Documents/papers/ArabAfsharchi2012.pdf}
}

@online{Aref2019,
  title = {Signed {{Network Structural Analysis}} and {{Applications}} with a {{Focus}} on {{Balance Theory}}},
  author = {Aref, Samin},
  date = {2019-01-21},
  eprint = {1901.06845},
  eprinttype = {arxiv},
  eprintclass = {physics},
  doi = {10.48550/arXiv.1901.06845},
  pubstate = {preprint},
  keywords = {🔴,05C22 05C15 90B10 90C09 90C10 90C11 90C20 90C35 90C57 90C90 91D30,Computer Science - Social and Information Networks,Mathematics - Optimization and Control,Physics - Physics and Society},
  file = {/home/bedw/Documents/papers/Aref2019.pdf;/home/bedw/Zotero/storage/488YHES3/1901.html}
}

@article{Aref2020,
  title = {Multilevel Structural Evaluation of Signed Directed Social Networks Based on Balance Theory},
  author = {Aref, Samin and Dinh, Ly and Rezapour, Rezvaneh and Diesner, Jana},
  date = {2020-09-17},
  journaltitle = {Scientific Reports},
  shortjournal = {Sci Rep},
  volume = {10},
  number = {1},
  pages = {15228},
  publisher = {Nature Publishing Group},
  issn = {2045-2322},
  doi = {10.1038/s41598-020-71838-6},
  issue = {1},
  langid = {english},
  keywords = {🔴,Applied mathematics,Applied physics,Computational science,Computer science,Information theory and computation},
  file = {/home/bedw/Documents/papers/Aref2020.pdf}
}

@article{ArefNeal2019,
  title = {Detecting Coalitions by Optimally Partitioning Signed Networks of Political Collaboration},
  author = {Aref, Samin and Neal, Zachary P.},
  date = {2019-06-04},
  journaltitle = {Scientific Reports},
  eprint = {32001776},
  eprinttype = {pmid},
  doi = {10.1038/s41598-020-58471-z},
  pmcid = {6992702},
  keywords = {_tablet,🔴},
  annotation = {MAG ID: 3004030642},
  file = {/home/bedw/Documents/papers/ArefNeal2019.pdf}
}

@article{ArefNeal2021,
  title = {Identifying Hidden Coalitions in the {{US House}} of {{Representatives}} by Optimally Partitioning Signed Networks Based on Generalized Balance.},
  author = {Aref, Samin and Neal, Zachary P.},
  date = {2021-10-07},
  journaltitle = {Scientific Reports},
  volume = {11},
  number = {1},
  eprint = {34620888},
  eprinttype = {pmid},
  pages = {19939},
  doi = {10.1038/s41598-021-98139-w},
  keywords = {_tablet,🔴},
  annotation = {MAG ID: 3204675590},
  file = {/home/bedw/Documents/papers/Aref2021.pdf}
}

@article{ArefWilson2015,
  title = {Measuring {{Partial Balance}} in {{Signed Networks}}.},
  author = {Aref, Samin and Wilson, Mark C.},
  date = {2015-09-14},
  journaltitle = {Journal of Complex Networks},
  doi = {10.1093/comnet/cnx044},
  keywords = {⭕,balance theory,frustration index,networks,signed networks,structural analysis,triangle index},
  annotation = {MAG ID: 3103963160},
  file = {/home/bedw/Documents/papers/ArefWilson2015.pdf}
}

@article{ArefWilson2017,
  title = {Balance and {{Frustration}} in {{Signed Networks}}},
  author = {Aref, Samin and Wilson, Mark C.},
  date = {2017-12-13},
  journaltitle = {Journal of Complex Networks},
  doi = {10.1093/comnet/cny015},
  keywords = {🔴},
  annotation = {MAG ID: 2798914753},
  file = {/home/bedw/Documents/papers/false}
}

@article{Axelrod1997,
  title = {The {{Dissemination}} of {{Culture}}: {{A Model}} with {{Local Convergence}} and {{Global Polarization}}},
  shorttitle = {The {{Dissemination}} of {{Culture}}},
  author = {Axelrod, Robert},
  date = {1997-04-01},
  journaltitle = {Journal of Conflict Resolution},
  volume = {41},
  number = {2},
  pages = {203--226},
  publisher = {SAGE Publications Inc},
  issn = {0022-0027},
  doi = {10.1177/0022002797041002001},
  langid = {english},
  keywords = {🔴},
  file = {/home/bedw/Documents/papers/Axelrod1997.pdf}
}

@article{BarabasiAlbert1999,
  title = {Emergence of {{Scaling}} in {{Random Networks}}},
  author = {Barabási, Albert-László and Albert, Réka},
  date = {1999-10-15},
  journaltitle = {Science},
  volume = {286},
  number = {5439},
  pages = {509--512},
  publisher = {American Association for the Advancement of Science},
  doi = {10.1126/science.286.5439.509},
  keywords = {🔴},
  file = {/home/bedw/Documents/papers/BarabasiAlbert12.pdf;/home/bedw/Documents/papers/BarabasiAlbert1999.pdf}
}

@article{Beigi2020,
  title = {Social {{Science}}–Guided {{Feature Engineering}}: {{A Novel Approach}} to {{Signed Link Analysis}}},
  shorttitle = {Social {{Science}}–Guided {{Feature Engineering}}},
  author = {Beigi, Ghazaleh and Tang, Jiliang and Liu, Huan},
  date = {2020-01-09},
  journaltitle = {ACM Transactions on Intelligent Systems and Technology},
  shortjournal = {ACM Trans. Intell. Syst. Technol.},
  volume = {11},
  number = {1},
  pages = {11:1--11:27},
  issn = {2157-6904},
  doi = {10.1145/3364222},
  keywords = {🔴,data sparsity,diffusion of innovation,emotional information,feature engineering,individual personality,Signed link analysis,social theory},
  file = {/home/bedw/Documents/papers/Beigi2020.pdf}
}

@article{Belaza2017,
  title = {Statistical Physics of Balance Theory},
  author = {Belaza, Andres M. and Hoefman, Kevin and Ryckebusch, Jan and Bramson, Aaron and family=Heuvel, given=Milan, prefix=van den, useprefix=false and Schoors, Koen},
  date = {2017-08-28},
  journaltitle = {PLOS ONE},
  shortjournal = {PLOS ONE},
  volume = {12},
  number = {8},
  pages = {e0183696},
  publisher = {Public Library of Science},
  issn = {1932-6203},
  doi = {10.1371/journal.pone.0183696},
  langid = {english},
  keywords = {⭕,Clustering coefficients,Entropy,International relations,Political theory,Social networks,Social theory,Statistical mechanics,Statistical theories},
  file = {/home/bedw/Documents/papers/Belaza2017.pdf}
}

@article{Bertoldi2012,
  title = {Analytical Solution of the Mean Field {{Ising}} Model for Finite Systems},
  author = {Bertoldi, Dalía S. and Bringa, Eduardo M. and Miranda, E. N.},
  date = {2012-05},
  journaltitle = {Journal of Physics: Condensed Matter},
  shortjournal = {J. Phys.: Condens. Matter},
  volume = {24},
  number = {22},
  pages = {226004},
  publisher = {IOP Publishing},
  issn = {0953-8984},
  doi = {10.1088/0953-8984/24/22/226004},
  langid = {english},
  keywords = {/unread,🔴},
  file = {/home/bedw/Documents/papers/Bertoldi2012.pdf}
}

@article{Bianconi2007,
  title = {The Entropy of Randomized Network Ensembles},
  author = {Bianconi, Ginestra},
  date = {2007-12},
  journaltitle = {Europhysics Letters},
  shortjournal = {EPL},
  volume = {81},
  number = {2},
  pages = {28005},
  issn = {0295-5075},
  doi = {10.1209/0295-5075/81/28005},
  langid = {english},
  keywords = {🔴},
  file = {/home/bedw/Documents/papers/Bianconi2007.pdf}
}

@article{Bianconi2009,
  title = {Entropy of Network Ensembles},
  author = {Bianconi, Ginestra},
  date = {2009-03-27},
  journaltitle = {Physical Review E},
  shortjournal = {Phys. Rev. E},
  volume = {79},
  number = {3},
  pages = {036114},
  publisher = {American Physical Society},
  doi = {10.1103/PhysRevE.79.036114},
  keywords = {⭕,🔴},
  file = {/home/bedw/Documents/papers/Bianconi2009.pdf;/home/bedw/Zotero/storage/PP7YMW3H/PhysRevE.79.html}
}

@article{Blondel2008,
  title = {Fast Unfolding of Communities in Large Networks},
  author = {Blondel, Vincent D. and Guillaume, Jean-Loup and Lambiotte, Renaud and Lefebvre, Etienne},
  date = {2008-03-04},
  journaltitle = {Journal of Statistical Mechanics: Theory and Experiment},
  doi = {10.1088/1742-5468/2008/10/p10008},
  keywords = {⭕},
  annotation = {MAG ID: 2131681506},
  file = {/home/bedw/Documents/papers/Blondel2008.pdf}
}

@article{Boccaletti2006,
  title = {Complex Networks: {{Structure}} and Dynamics},
  author = {Boccaletti, Stefano and Latora, Vito and Moreno, Yamir and Chavez, Mario and Hwang, Dong-Uk},
  date = {2006-02-01},
  journaltitle = {Physics Reports},
  volume = {424},
  pages = {175--308},
  doi = {10.1016/j.physrep.2005.10.009},
  keywords = {⭕},
  annotation = {MAG ID: 2070722739 S2ID: db04bb965705706a844c7ac496f79a25842408e8},
  file = {/home/bedw/Documents/papers/Boccaletti2006.pdf}
}

@article{Brandes2008,
  title = {On {{Modularity Clustering}}},
  author = {Brandes, Ulrik and Delling, Daniel and Gaertler, Marco and Gorke, Robert and Hoefer, Martin and Nikoloski, Zoran and Wagner, Dorothea},
  date = {2008-02},
  journaltitle = {IEEE Transactions on Knowledge and Data Engineering},
  volume = {20},
  number = {2},
  pages = {172--188},
  issn = {1558-2191},
  doi = {10.1109/TKDE.2007.190689},
  eventtitle = {{{IEEE Transactions}} on {{Knowledge}} and {{Data Engineering}}},
  keywords = {🔴},
  file = {/home/bedw/Documents/papers/Brandes2008.pdf;/home/bedw/Zotero/storage/GKJ5N4YS/4358966.html}
}

@article{Briatte2016,
  title = {Network {{Patterns}} of {{Legislative Collaboration}} in {{Twenty Parliaments}}},
  author = {Briatte, François},
  date = {2016-06-01},
  journaltitle = {Network Science},
  volume = {4},
  number = {2},
  pages = {266--271},
  doi = {10.1017/nws.2015.31},
  keywords = {⭕},
  annotation = {MAG ID: 2322209011},
  file = {/home/bedw/Documents/papers/Briatte2016.pdf}
}

@article{Cantwell2021,
  title = {The Friendship Paradox in Real and Model Networks},
  author = {Cantwell, George T and Kirkley, Alec and Newman, M E J},
  editor = {Estrada, Ernesto},
  date = {2021-05-05},
  journaltitle = {Journal of Complex Networks},
  volume = {9},
  number = {2},
  pages = {cnab011},
  issn = {2051-1310, 2051-1329},
  doi = {10.1093/comnet/cnab011},
  langid = {english},
  file = {/home/bedw/Documents/papers/Cantwell2021.pdf}
}

@article{CartwrightHarary1956,
  title = {Structural Balance: A Generalization of {{Heider}}'s Theory},
  shorttitle = {Structural Balance},
  author = {Cartwright, Dorwin and Harary, Frank},
  date = {1956},
  journaltitle = {Psychological Review},
  volume = {63},
  pages = {277--293},
  publisher = {American Psychological Association},
  location = {US},
  issn = {1939-1471},
  doi = {10.1037/h0046049},
  keywords = {⭕,🔴,Cognitive Processes,Concepts,Neural Networks,Theories},
  file = {/home/bedw/Documents/papers/CartwrightHarary1956.pdf;/home/bedw/Zotero/storage/PSC24E4V/1957-06811-001.html}
}

@article{Castellano2000,
  title = {Nonequilibrium {{Phase Transition}} in a {{Model}} for {{Social Influence}}},
  author = {Castellano, Claudio and Marsili, Matteo and Vespignani, Alessandro},
  date = {2000-10-16},
  journaltitle = {Physical Review Letters},
  shortjournal = {Phys. Rev. Lett.},
  volume = {85},
  number = {16},
  pages = {3536--3539},
  publisher = {American Physical Society},
  doi = {10.1103/PhysRevLett.85.3536},
  keywords = {⭕,🔴},
  file = {/home/bedw/Documents/papers/Castellano2000.pdf;/home/bedw/Zotero/storage/9K6X6AW6/PhysRevLett.85.html}
}

@article{Castellano2009,
  title = {Statistical Physics of Social Dynamics},
  author = {Castellano, Claudio and Fortunato, Santo and Loreto, Vittorio},
  date = {2009-05-11},
  journaltitle = {Reviews of Modern Physics},
  volume = {81},
  number = {2},
  pages = {591--646},
  doi = {10.1103/revmodphys.81.591},
  keywords = {/unread,⭕,Condensed Matter - Statistical Mechanics,Physics - Computational Physics,Physics - Physics and Society},
  annotation = {ARXIV\_ID: 0710.3256 MAG ID: 2058105398 S2ID: e419cfbbdd1de7f9a2ed6bb2d5392840dcb2a4fd},
  file = {/home/bedw/Documents/papers/Castellano2009.pdf}
}

@article{CastroSiew2020,
  title = {Contributions of Modern Network Science to the Cognitive Sciences: Revisiting Research Spirals of Representation and Process},
  shorttitle = {Contributions of Modern Network Science to the Cognitive Sciences},
  author = {Castro, Nichol and Siew, Cynthia S. Q.},
  date = {2020-06-10},
  journaltitle = {Proceedings of the Royal Society A: Mathematical, Physical and Engineering Sciences},
  volume = {476},
  number = {2238},
  pages = {20190825},
  publisher = {Royal Society},
  doi = {10.1098/rspa.2019.0825},
  keywords = {🔴,cognitive processes,cognitive science,cognitive structures,mental lexicon,mental representations,network science},
  file = {/home/bedw/Documents/papers/CastroSiew2020.pdf}
}

@standard{ccdAPI,
  title = {Open Data {{API}}},
  url = {https://www.camara.cl/transparencia/datosAbiertos.aspx},
  keywords = {🔴}
}

@article{Chen2014,
  title = {Community {{Detection}} via {{Maximization}} of {{Modularity}} and {{Its Variants}}},
  author = {Chen, Mingming and Kuzmin, Konstantin and Szymanski, Boleslaw K.},
  date = {2014-04-09},
  journaltitle = {IEEE Transactions on Computational Social Systems},
  volume = {1},
  number = {1},
  pages = {46--65},
  doi = {10.1109/tcss.2014.2307458},
  annotation = {MAG ID: 2088162437},
  file = {/home/bedw/Documents/papers/Chen2014.pdf}
}

@article{Cherepnalkoski2016,
  title = {Cohesion and Coalition Formation in the {{European}} Parliament : Roll-Call Votes and Twitter Activities},
  author = {Cherepnalkoski, Darko and Karpf, Andreas and Mozetič, Igor and Grčar, Miha},
  date = {2016-11-11},
  journaltitle = {PLOS ONE},
  volume = {11},
  number = {11},
  eprint = {27835683},
  eprinttype = {pmid},
  doi = {10.1371/journal.pone.0166586},
  pmcid = {5106041},
  annotation = {ARXIV\_ID: 1608.04917 MAG ID: 2512506520 S2ID: c6f2b618d5bee940acff2f1d34ceab25ff14b999},
  file = {/home/bedw/Documents/papers/Cherepnalkoski2016.pdf}
}

@article{Cho2007,
  title = {Legislative {{Success}} in a {{Small World}}: {{Social Network Analysis}} and the {{Dynamics}} of {{Congressional Legislation}}},
  author = {Cho, Wendy K. Tam and Fowler, James H.},
  date = {2007-01-01},
  journaltitle = {The Journal of Politics},
  doi = {10.1017/s002238160999051x},
  annotation = {MAG ID: 2099589748},
  file = {/home/bedw/Documents/papers/ChoFowler2007.pdf}
}

@article{Clauset2004,
  title = {Finding Community Structure in Very Large Networks.},
  author = {Clauset, Aaron and Newman, Mark and Moore, Cristopher},
  date = {2004-12-06},
  journaltitle = {Physical Review E},
  volume = {70},
  number = {6},
  eprint = {15697438},
  eprinttype = {pmid},
  pages = {066111--066111},
  doi = {10.1103/physreve.70.066111},
  annotation = {MAG ID: 2047940964},
  file = {/home/bedw/Documents/papers/Clauset2004.pdf}
}

@article{Clinton2004,
  title = {The {{Statistical Analysis}} of {{Roll Call Data}}},
  author = {Clinton, Joshua D. and Jackman, Simon and Rivers, Douglas},
  date = {2004-05-01},
  journaltitle = {American Political Science Review},
  volume = {98},
  number = {2},
  pages = {355--370},
  doi = {10.1017/s0003055404001194},
  keywords = {/unread},
  annotation = {MAG ID: 2119290332 S2ID: bc17606aa1839b15c1a4a59614ccfb41c067adf7},
  file = {/home/bedw/Documents/papers/Clinton2004.pdf}
}

@article{CohenDEsposito2016,
  title = {The {{Segregation}} and {{Integration}} of {{Distinct Brain Networks}} and {{Their Relationship}} to {{Cognition}}},
  author = {Cohen, Jessica R. and D'Esposito, Mark},
  date = {2016-11-30},
  journaltitle = {Journal of Neuroscience},
  shortjournal = {J. Neurosci.},
  volume = {36},
  number = {48},
  eprint = {27903719},
  eprinttype = {pmid},
  pages = {12083--12094},
  publisher = {Society for Neuroscience},
  issn = {0270-6474, 1529-2401},
  doi = {10.1523/JNEUROSCI.2965-15.2016},
  langid = {english},
  keywords = {⭕,🔴},
  file = {/home/bedw/Documents/papers/CohenDEsposito2016.pdf}
}

@article{CohenDEsposito2016a,
  title = {The {{Segregation}} and {{Integration}} of {{Distinct Brain Networks}} and {{Their Relationship}} to {{Cognition}}},
  author = {Cohen, Jessica R. and D'Esposito, Mark},
  date = {2016-11-30},
  journaltitle = {The Journal of Neuroscience: The Official Journal of the Society for Neuroscience},
  shortjournal = {J Neurosci},
  volume = {36},
  number = {48},
  eprint = {27903719},
  eprinttype = {pmid},
  pages = {12083--12094},
  issn = {1529-2401},
  doi = {10.1523/JNEUROSCI.2965-15.2016},
  langid = {english},
  pmcid = {PMC5148214},
  keywords = {🔴,Adult,Brain,Brain Mapping,Cognition,Computer Simulation,Executive Function,Female,functional connectivity,graph theory,Humans,individual differences,Male,Memory Short-Term,Models Neurological,Models Statistical,motor execution,Nerve Net,Neural Pathways,Psychomotor Performance,resting state,working memory},
  file = {/home/bedw/Documents/papers/CohenDEsposito2016a.pdf}
}

@article{daFontouraCosta2008,
  title = {Complex Networks: The Key to Systems Biology},
  author = {family=Fontoura Costa, given=Luciano, prefix=da, useprefix=true and Rodrigues, Francisco A. and Cristino, Alexandre S.},
  date = {2008-01-01},
  journaltitle = {Genetics and Molecular Biology},
  volume = {31},
  number = {3},
  pages = {591--601},
  doi = {10.1590/s1415-47572008000400001},
  annotation = {MAG ID: 2010862107},
  file = {/home/bedw/Documents/papers/daFontouraCosta2008.pdf}
}

@article{Danon2005,
  title = {Comparing Community Structure Identification},
  author = {Danon, Leon and Duch, Jordi and Díaz-Guilera, Albert and Arenas, Alex},
  date = {2005-09-01},
  journaltitle = {Journal of Statistical Mechanics: Theory and Experiment},
  volume = {2005},
  number = {9},
  pages = {09008},
  doi = {10.1088/1742-5468/2005/09/p09008},
  annotation = {ARXIV\_ID: cond-mat/0505245 MAG ID: 2120043163 S2ID: e99d735c898e0658a937a93f977fa32f40e6ff60},
  file = {/home/bedw/Documents/papers/Danon2005.pdf}
}

@article{Davis2014,
  title = {A Maximum Entropy Model for Opinions in Social Groups},
  author = {Davis, Sergio and Navarrete, Yasmín and Gutiérrez, Gonzalo},
  date = {2014-04-01},
  journaltitle = {The European Physical Journal B},
  shortjournal = {Eur. Phys. J. B},
  volume = {87},
  number = {4},
  pages = {78},
  issn = {1434-6036},
  doi = {10.1140/epjb/e2014-40918-6},
  langid = {english},
  keywords = {🔴,Statistical and Nonlinear Physics},
  file = {/home/bedw/Documents/papers/Davis2014.pdf}
}

@article{DelgadilloSalinas2023,
  title = {Nodos, centralidad y éxito legislativo en México: redes políticas en la Cámara de Diputados},
  shorttitle = {Nodos, centralidad y éxito legislativo en México},
  author = {Delgadillo, Diego Solís and Salinas, Josafat Cortez},
  date = {2023-03-31},
  journaltitle = {Colombia Internacional},
  number = {114},
  pages = {153--185},
  issn = {1900-6004},
  doi = {10.7440/colombiaint114.2023.06},
  issue = {114},
  langid = {spanish},
  keywords = {🔴,centralidad,copatrocinio,éxito legislativo,grado,redes legislativas},
  file = {/home/bedw/Documents/papers/DelgadilloSalinas2023.pdf}
}

@incollection{DeprezWuthrich2015,
  title = {Networks, {{Random Graphs}} and {{Percolation}}},
  booktitle = {Theoretical {{Aspects}} of {{Spatial-Temporal Modeling}}},
  author = {Deprez, Philippe and Wüthrich, Mario V.},
  editor = {Peters, Gareth William and Matsui, Tomoko},
  date = {2015},
  series = {{{SpringerBriefs}} in {{Statistics}}},
  pages = {95--124},
  publisher = {Springer Japan},
  location = {Tokyo},
  doi = {10.1007/978-4-431-55336-6_4},
  isbn = {978-4-431-55336-6},
  langid = {english},
  keywords = {⭕,🔴,Long-range Percolation,Random Graph,Real-life Networks,Site-bond Percolation,Small-world Effect},
  file = {/home/bedw/Documents/papers/DeprezWuthrich2015.pdf}
}

@article{Dods2015,
  title = {Network Analysis of Geomagnetic Substorms Using the {{SuperMAG}} Database of Ground-Based Magnetometer Stations},
  author = {Dods, J. and Chapman, Sandra C. and Gjerloev, Jesper},
  date = {2015-09-26},
  journaltitle = {Journal of Geophysical Research},
  volume = {120},
  number = {9},
  pages = {7774--7784},
  doi = {10.1002/2015ja021456},
  annotation = {MAG ID: 2119190076},
  file = {/home/bedw/Documents/papers/Dods2015.pdf}
}

@article{DoreianMrvar2019,
  title = {Structural {{Balance}} and {{Signed International Relations}}},
  author = {Doreian, Patrick and Mrvar, Andrej},
  date = {2019-01-01},
  journaltitle = {Journal of Social Structure},
  volume = {16},
  number = {1},
  pages = {1--49},
  doi = {10.21307/joss-2019-012},
  keywords = {_tablet,🔴},
  annotation = {MAG ID: 2605255209},
  file = {/home/bedw/Documents/papers/DoreianMrvar2019.pdf}
}

@article{DorogovtsevMendes2002,
  title = {Evolution of Networks},
  author = {Dorogovtsev, S. N. and Mendes, J. F. F.},
  date = {2002-06-01},
  journaltitle = {Advances in Physics},
  volume = {51},
  number = {4},
  pages = {1079--1187},
  publisher = {Taylor \& Francis},
  issn = {0001-8732},
  doi = {10.1080/00018730110112519},
  keywords = {⭕,🔴},
  file = {/home/bedw/Documents/papers/DorogovtsevMendes2002.pdf}
}

@article{DuchArenas2005,
  title = {Community Detection in Complex Networks Using Extremal Optimization.},
  author = {Duch, Jordi and Arenas, Alex},
  date = {2005-08-24},
  journaltitle = {Physical Review E},
  volume = {72},
  number = {2},
  eprint = {16196754},
  eprinttype = {pmid},
  pages = {027104--027104},
  doi = {10.1103/physreve.72.027104},
  annotation = {MAG ID: 1985625141},
  file = {/home/bedw/Documents/papers/DuchArenas2005.pdf}
}

@article{Ellis2004,
  title = {Thermodynamic versus Statistical Nonequivalence of Ensembles for the Mean-Field {{Blume}}–{{Emery}}–{{Griffiths}} Model},
  author = {Ellis, Richard S. and Touchette, Hugo and Turkington, Bruce},
  date = {2004-04-15},
  journaltitle = {Physica A: Statistical Mechanics and its Applications},
  shortjournal = {Physica A: Statistical Mechanics and its Applications},
  volume = {335},
  number = {3},
  pages = {518--538},
  issn = {0378-4371},
  doi = {10.1016/j.physa.2003.11.028},
  langid = {english},
  keywords = {Canonical ensemble,Large deviations,Microcanonical ensemble,Nonequivalence of ensembles},
  file = {/home/bedw/Documents/papers/Ellis2004.pdf;/home/bedw/Zotero/storage/3Q96DYUT/S0378437103011075.html}
}

@article{ErdosRenyi1959,
  title = {On Random Graphs. {{I}}.},
  author = {Erdős, P. and Rényi, A.},
  date = {1959},
  journaltitle = {Publicationes Mathematicae Debrecen},
  shortjournal = {Publ. Math. Debrecen},
  volume = {6},
  number = {3-4},
  pages = {290--297},
  issn = {00333883},
  doi = {10.5486/PMD.1959.6.3-4.12},
  keywords = {🔴},
  file = {/home/bedw/Documents/papers/ErdosRenyi1959.pdf}
}

@article{Euler1741,
  title = {Solutio Problematis Ad Geometriam Situs Pertinentis},
  author = {Euler, Leonhard},
  date = {1741-01-01},
  journaltitle = {Commentarii academiae scientiarum Petropolitanae},
  pages = {128--140},
  url = {https://scholarlycommons.pacific.edu/euler-works/53},
  keywords = {⛔ No DOI found,⭕,🔴},
  file = {/home/bedw/Documents/papers/Euler1741.pdf;/home/bedw/Zotero/storage/UMPBWAWP/53.html}
}

@article{Facchetti2011,
  title = {Computing Global Structural Balance in Large-Scale Signed Social Networks},
  author = {Facchetti, Giuseppe and Iacono, Giovanni and Altafini, Claudio},
  date = {2011-12-27},
  journaltitle = {Proceedings of the National Academy of Sciences},
  volume = {108},
  number = {52},
  pages = {20953--20958},
  publisher = {Proceedings of the National Academy of Sciences},
  doi = {10.1073/pnas.1109521108},
  langid = {english},
  keywords = {/unread,🔴},
  file = {/home/bedw/Documents/papers/Facchetti2011.pdf}
}

@article{Feng2022,
  title = {Testing for {{Balance}} in {{Social Networks}}},
  author = {Feng, Derek and Altmeyer, Randolf and Stafford, Derek and Christakis, Nicholas A. and Zhou, Harrison H.},
  date = {2022-01-02},
  journaltitle = {Journal of the American Statistical Association},
  shortjournal = {Journal of the American Statistical Association},
  volume = {117},
  number = {537},
  eprint = {1808.05260},
  eprinttype = {arxiv},
  eprintclass = {physics, stat},
  pages = {156--174},
  issn = {0162-1459, 1537-274X},
  doi = {10.1080/01621459.2020.1764850},
  keywords = {🔴,Computer Science - Social and Information Networks,Physics - Physics and Society,Statistics - Methodology},
  file = {/home/bedw/Documents/papers/Feng2022.pdf;/home/bedw/Zotero/storage/P3IN5TBU/1808.html}
}

@article{Fowler2006a,
  title = {Connecting the {{Congress}}: {{A Study}} of {{Cosponsorship Networks}}},
  shorttitle = {Connecting the {{Congress}}},
  author = {Fowler, James H.},
  date = {2006-10},
  journaltitle = {Political Analysis},
  volume = {14},
  number = {4},
  pages = {456--487},
  publisher = {Cambridge University Press},
  issn = {1047-1987, 1476-4989},
  doi = {10.1093/pan/mpl002},
  langid = {english},
  keywords = {🔴},
  file = {/home/bedw/Documents/papers/Fowler2006a.pdf}
}

@article{Fowler2006b,
  title = {Legislative Cosponsorship Networks in the {{US House}} and {{Senate}}},
  author = {Fowler, James H.},
  date = {2006-10-01},
  journaltitle = {Social Networks},
  shortjournal = {Social Networks},
  volume = {28},
  number = {4},
  pages = {454--465},
  issn = {0378-8733},
  doi = {10.1016/j.socnet.2005.11.003},
  keywords = {🔴},
  file = {/home/bedw/Documents/papers/Fowler2006b.pdf;/home/bedw/Zotero/storage/VNTTVKTR/S0378873305000730.html}
}

@article{Galam1982,
  title = {Sociophysics: {{A}} New Approach of Sociological Collective Behaviour. {{I}}. Mean‐behaviour Description of a Strike},
  shorttitle = {Sociophysics},
  author = {Galam, Serge and Gefen (Feigenblat), Yuval and Shapir, Yonathan},
  date = {1982-11-01},
  journaltitle = {The Journal of Mathematical Sociology},
  volume = {9},
  number = {1},
  pages = {1--13},
  publisher = {Routledge},
  issn = {0022-250X},
  doi = {10.1080/0022250X.1982.9989929},
  keywords = {🔴},
  file = {/home/bedw/Documents/papers/Galam1982.pdf}
}

@article{Galam1999b,
  title = {Application of Statistical Physics to Politics},
  author = {Galam, Serge},
  date = {1999-12-01},
  journaltitle = {Physica A: Statistical Mechanics and its Applications},
  shortjournal = {Physica A: Statistical Mechanics and its Applications},
  volume = {274},
  number = {1},
  pages = {132--139},
  issn = {0378-4371},
  doi = {10.1016/S0378-4371(99)00320-9},
  keywords = {🔴},
  file = {/home/bedw/Documents/papers/Galam1999b.pdf;/home/bedw/Zotero/storage/NRQ49JL4/S0378437199003209.html}
}

@article{Galam2000,
  title = {Real Space Renormalization Group and Totalitarian Paradox of Majority Rule Voting},
  author = {Galam, Serge},
  date = {2000-09},
  journaltitle = {Physica A: Statistical Mechanics and its Applications},
  shortjournal = {Physica A: Statistical Mechanics and its Applications},
  volume = {285},
  number = {1-2},
  pages = {66--76},
  issn = {03784371},
  doi = {10.1016/S0378-4371(00)00272-7},
  langid = {english},
  keywords = {🔴},
  file = {/home/bedw/Documents/papers/Galam2000.pdf}
}

@article{Hart1974,
  title = {Symmetry and {{Polarization}} in the {{European International System}}, 1870 - 1879: {{A Methodological Study}}},
  shorttitle = {Symmetry and {{Polarization}} in the {{European International System}}, 1870 - 1879},
  author = {Hart, Jeffrey},
  date = {1974-09-01},
  journaltitle = {Journal of Peace Research},
  volume = {11},
  number = {3},
  pages = {229--244},
  publisher = {SAGE Publications Ltd},
  issn = {0022-3433},
  doi = {10.1177/002234337401100307},
  langid = {english},
  keywords = {⭕,🔴},
  file = {/home/bedw/Documents/papers/Hart1974.pdf}
}

@article{He2020,
  title = {An {{Energy Function}} for {{Computing Structural Balance}} in {{Fully Signed Network}}},
  author = {He, Xiaochen and Du, Haifeng and Xu, Xiangning and Du, Wei},
  date = {2020-06},
  journaltitle = {IEEE Transactions on Computational Social Systems},
  volume = {7},
  number = {3},
  pages = {696--708},
  issn = {2329-924X},
  doi = {10.1109/TCSS.2020.2973215},
  eventtitle = {{{IEEE Transactions}} on {{Computational Social Systems}}},
  keywords = {🔴,Algorithms,Complexity theory,Economics,optimization,Optimization,Organizations,Psychology,social computing,Social computing,Social network services},
  file = {/home/bedw/Documents/papers/He2020.pdf;/home/bedw/Zotero/storage/SWGJMNDN/9011739.html}
}

@article{Heider1944,
  title = {Social Perception and Phenomenal Causality.},
  author = {Heider, F.},
  date = {1944-11},
  journaltitle = {Psychological Review},
  shortjournal = {Psychological Review},
  volume = {51},
  number = {6},
  pages = {358--374},
  issn = {1939-1471, 0033-295X},
  doi = {10.1037/h0055425},
  langid = {english},
  keywords = {🔴},
  file = {/home/bedw/Documents/papers/Heider1944.pdf}
}

@article{Huang2017,
  title = {A {{Proposed Network Balance Index}} for {{Heterogeneous Networks}}},
  author = {Huang, Yifei and Durrani, Salman and Dmochowski, Pawel and Zhou, Xiangyun},
  date = {2017-02},
  journaltitle = {IEEE Wireless Communications Letters},
  volume = {6},
  number = {1},
  pages = {98--101},
  issn = {2162-2345},
  doi = {10.1109/LWC.2016.2633996},
  eventtitle = {{{IEEE Wireless Communications Letters}}},
  keywords = {🔴,Algorithm design and analysis,Base stations,Clustering algorithms,fairness,heterogeneous networks,Indexes,Load balancing,Load management,Measurement,multiplicatively weighted Voronoi cells,user association,Wireless communication},
  file = {/home/bedw/Documents/papers/Huang2017.pdf;/home/bedw/Zotero/storage/UTIRGSAC/7762759.html}
}

@article{HummonDoreian2003,
  title = {Some Dynamics of Social Balance Processes: Bringing {{Heider}} Back into Balance Theory},
  author = {Hummon, Norman P. and Doreian, Patrick},
  date = {2003-01-01},
  journaltitle = {Social Networks},
  volume = {25},
  number = {1},
  pages = {17--49},
  doi = {10.1016/s0378-8733(02)00019-9},
  keywords = {_tablet,🔴},
  annotation = {MAG ID: 2164181247},
  file = {/home/bedw/Documents/papers/HummonDoreian2003.pdf}
}

@article{IntalYasseri2021,
  title = {Dissent and Rebellion in the {{House}} of {{Commons}}: A Social Network Analysis of {{Brexit-related}} Divisions in the 57th {{Parliament}}},
  shorttitle = {Dissent and Rebellion in the {{House}} of {{Commons}}},
  author = {Intal, Carla and Yasseri, Taha},
  date = {2021-12},
  journaltitle = {Applied Network Science},
  shortjournal = {Appl Netw Sci},
  volume = {6},
  number = {1},
  pages = {36},
  issn = {2364-8228},
  doi = {10.1007/s41109-021-00379-2},
  langid = {english},
  file = {/home/bedw/Documents/papers/IntalYasseri2021.pdf}
}

@article{KarrerNewman2011,
  title = {Competing Epidemics on Complex Networks},
  author = {Karrer, Brian and Newman, Mark},
  date = {2011-09-09},
  journaltitle = {Physical Review E},
  volume = {84},
  number = {3},
  eprint = {22060455},
  eprinttype = {pmid},
  pages = {036106--036106},
  doi = {10.1103/physreve.84.036106},
  annotation = {MAG ID: 1967608252},
  file = {/home/bedw/Documents/papers/KarrerNewman2011.pdf}
}

@article{KarrerNewman2011a,
  title = {Stochastic Blockmodels and Community Structure in Networks},
  author = {Karrer, Brian and Newman, M. E. J.},
  date = {2011-01-21},
  journaltitle = {Physical Review E},
  shortjournal = {Phys. Rev. E},
  volume = {83},
  number = {1},
  pages = {016107},
  publisher = {American Physical Society},
  doi = {10.1103/PhysRevE.83.016107},
  keywords = {🔴},
  file = {/home/bedw/Documents/papers/KarrerNewman2011a.pdf;/home/bedw/Zotero/storage/BQXQ6BLI/PhysRevE.83.html}
}

@article{KeelingEames2005,
  title = {Networks and Epidemic Models},
  author = {Keeling, Matt J and Eames, Ken T.D},
  date = {2005-06-20},
  journaltitle = {Journal of The Royal Society Interface},
  volume = {2},
  number = {4},
  pages = {295--307},
  publisher = {Royal Society},
  doi = {10.1098/rsif.2005.0051},
  keywords = {🔴,contact-tracing,infection,random network,scale-free network,small-world network,transmission},
  file = {/home/bedw/Documents/papers/KeelingEames2005.pdf}
}

@article{Keller1950,
  title = {Social {{Pressures}} in {{Informal Groups}}, a {{Study}} of {{Human Factors}} in {{Housing}}},
  author = {Keller, Marguerite and Festinger, Leon and Schachter, Stanley and Back, Kurt},
  date = {1950},
  journaltitle = {The Milbank Memorial Fund Quarterly},
  shortjournal = {The Milbank Memorial Fund Quarterly},
  volume = {30},
  number = {4},
  eprint = {3348388},
  eprinttype = {jstor},
  pages = {384},
  issn = {00263745},
  doi = {10.2307/3348388},
  keywords = {🔴},
  file = {/home/bedw/Documents/papers/Keller1950.pdf}
}

@article{KirklandGross2014a,
  title = {Measurement and Theory in Legislative Networks: {{The}} Evolving Topology of {{Congressional}} Collaboration},
  shorttitle = {Measurement and Theory in Legislative Networks},
  author = {Kirkland, Justin H. and Gross, Justin H.},
  date = {2014-01},
  journaltitle = {Social Networks},
  shortjournal = {Social Networks},
  volume = {36},
  pages = {97--109},
  issn = {03788733},
  doi = {10.1016/j.socnet.2012.11.001},
  langid = {english},
  keywords = {_tablet,⭕,🔴},
  file = {/home/bedw/Documents/papers/KirklandGross2014a.pdf}
}

@article{Kirkley2019,
  title = {Balance in Signed Networks.},
  author = {Kirkley, Alec and {Alec Kirkley} and Cantwell, George T. and Newman, Mark},
  date = {2019-01-22},
  journaltitle = {Physical Review E},
  volume = {99},
  number = {1},
  pages = {012320--012320},
  doi = {10.1103/physreve.99.012320},
  keywords = {_tablet,🔴},
  annotation = {MAG ID: 2891704284},
  file = {/home/bedw/Documents/papers/Kirkley2019.pdf}
}

@article{Kulakowski2005,
  title = {The {{Heider}} Balance - a Continuous Approach},
  author = {Kulakowski, Krzysztof and Gawroński, Przemysław and Gronek, Piotr},
  date = {2005-01-14},
  journaltitle = {International Journal of Modern Physics C},
  volume = {16},
  number = {5},
  pages = {707--716},
  doi = {10.1142/s012918310500742x},
  keywords = {🔴},
  annotation = {MAG ID: 2015538189},
  file = {/home/bedw/Documents/papers/Kulakowski2005.pdf}
}

@online{Kunegis2014,
  title = {Applications of {{Structural Balance}} in {{Signed Social Networks}}},
  author = {Kunegis, Jérôme},
  date = {2014-02-27},
  eprint = {1402.6865},
  eprinttype = {arxiv},
  eprintclass = {physics},
  doi = {10.48550/arXiv.1402.6865},
  pubstate = {preprint},
  keywords = {🔴,Computer Science - Social and Information Networks,Physics - Physics and Society},
  file = {/home/bedw/Documents/papers/Kunegis2014.pdf;/home/bedw/Zotero/storage/YCEKLJ7X/1402.html}
}

@article{LagonaPadovano2021,
  title = {How Does Legislative Behavior Change When the Country Becomes Democratic? {{The}} Case of {{South Korea}}},
  shorttitle = {How Does Legislative Behavior Change When the Country Becomes Democratic?},
  author = {Lagona, Francesco and Padovano, Fabio},
  date = {2021-09-01},
  journaltitle = {European Journal of Political Economy},
  shortjournal = {European Journal of Political Economy},
  volume = {69},
  pages = {102026},
  issn = {0176-2680},
  doi = {10.1016/j.ejpoleco.2021.102026},
  keywords = {⭕,🔴,Autocracy,Conditional political cycles,Democratic transition,Executive vs. parliamentary legislative initiative,Hurdle model,Over-dispersion,Political legislation cycles,Zero inflation},
  file = {/home/bedw/Documents/papers/LagonaPadovano2021.pdf;/home/bedw/Zotero/storage/B8AWYG7W/S0176268021000276.html}
}

@article{Lee2015,
  title = {Time-Dependent Community Structure in Legislation Cosponsorship Networks in the {{Congress}} of the {{Republic}} of {{Peru}}},
  author = {Lee, Sang Hoon and Magallanes, José Manuel and Porter, Mason A.},
  date = {2015-10-05},
  journaltitle = {Journal of Complex Networks},
  doi = {10.1093/comnet/cnw004},
  keywords = {_tablet,🔴},
  annotation = {MAG ID: 2234071456},
  file = {/home/bedw/Documents/papers/Lee2015.pdf}
}

@article{LeFoulonMoran2020,
  title = {Cooperation and Polarization in a {{Presidential Congress}}: {{Policy}} Networks in the {{Chilean Lower House}} 2006–2017:},
  author = {Le Foulon Morán, Carmen},
  date = {2020-05-01},
  journaltitle = {Politics},
  volume = {40},
  number = {2},
  pages = {227--244},
  doi = {10.1177/0263395719862478},
  annotation = {MAG ID: 2959648791},
  file = {/home/bedw/Documents/papers/LeFoulonMoran2020.pdf}
}

@inproceedings{Leskovec2010,
  title = {Signed Networks in Social Media},
  booktitle = {Proceedings of the {{SIGCHI Conference}} on {{Human Factors}} in {{Computing Systems}}},
  author = {Leskovec, Jure and Huttenlocher, Daniel and Kleinberg, Jon},
  date = {2010-04-10},
  pages = {1361--1370},
  publisher = {ACM},
  location = {Atlanta Georgia USA},
  doi = {10.1145/1753326.1753532},
  eventtitle = {{{CHI}} '10: {{CHI Conference}} on {{Human Factors}} in {{Computing Systems}}},
  isbn = {978-1-60558-929-9},
  langid = {english},
  keywords = {_tablet,🔴},
  file = {/home/bedw/Documents/papers/Leskovec2010.pdf}
}

@article{Li2014,
  title = {Polarity {{Related Influence Maximization}} in {{Signed Social Networks}}},
  author = {Li, Dong and Xu, Zhi-Ming and Chakraborty, Nilanjan and Gupta, Anika and Sycara, Katia and Li, Sheng},
  date = {2014-07-25},
  journaltitle = {PLOS ONE},
  shortjournal = {PLOS ONE},
  volume = {9},
  number = {7},
  pages = {e102199},
  publisher = {Public Library of Science},
  issn = {1932-6203},
  doi = {10.1371/journal.pone.0102199},
  langid = {english},
  keywords = {🔴,Algorithms,Approximation methods,Interpersonal relationships,Marketing,Network analysis,Optimization,Simulation and modeling,Social networks},
  file = {/home/bedw/Documents/papers/Li2014.pdf}
}

@article{Maas1985,
  title = {Computing and Interpreting the Adjacency Spectrum of Traffic Networks},
  author = {Maas, Christoph},
  date = {1985-05-01},
  journaltitle = {Journal of Computational and Applied Mathematics},
  shortjournal = {Journal of Computational and Applied Mathematics},
  volume = {12--13},
  pages = {459--466},
  issn = {0377-0427},
  doi = {10.1016/0377-0427(85)90039-1},
  keywords = {🔴},
  file = {/home/bedw/Documents/papers/Maas1985.pdf;/home/bedw/Zotero/storage/HWAPGT7F/0377042785900391.html}
}

@article{MackiewiczRatajczak1996,
  title = {Towards a New Definition of Topological Accessibility},
  author = {Maćkiewicz, Andrzej and Ratajczak, Waldemar},
  date = {1996-02-01},
  journaltitle = {Transportation Research Part B: Methodological},
  shortjournal = {Transportation Research Part B: Methodological},
  volume = {30},
  number = {1},
  pages = {47--79},
  issn = {0191-2615},
  doi = {10.1016/0191-2615(95)00020-8},
  keywords = {🔴},
  file = {/home/bedw/Documents/papers/MackiewiczRatajczak1996.pdf;/home/bedw/Zotero/storage/7JGT9LRC/0191261595000208.html}
}

@article{MajeedRauf2020,
  title = {Graph {{Theory}}: {{A Comprehensive Survey}} about {{Graph Theory Applications}} in {{Computer Science}} and {{Social Networks}}},
  shorttitle = {Graph {{Theory}}},
  author = {Majeed, Abdul and Rauf, Ibtisam},
  date = {2020-03},
  journaltitle = {Inventions},
  volume = {5},
  number = {1},
  pages = {10},
  publisher = {Multidisciplinary Digital Publishing Institute},
  issn = {2411-5134},
  doi = {10.3390/inventions5010010},
  issue = {1},
  langid = {english},
  keywords = {⭕,🔴,clustering,cryptography,graph theory,social network analysis,social networks},
  file = {/home/bedw/Documents/papers/MajeedRauf2020.pdf}
}

@article{Marenco2020,
  title = {Time Evolution of the Behaviour of {{Brazilian}} Legislative {{Representatives}} Using a Complex Network Approach.},
  author = {Marenco, Ludwing and Carmona, Humberto A. and {Felipe Maciel Cardoso} and Andrade, José S. and Cesar, Carlos L.},
  date = {2020-02-05},
  journaltitle = {PLOS ONE},
  volume = {15},
  number = {2},
  eprint = {32023248},
  eprinttype = {pmid},
  doi = {10.1371/journal.pone.0226504},
  pmcid = {7001948},
  keywords = {⭕},
  annotation = {ARXIV\_ID: 1905.01407 MAG ID: 3005371779 S2ID: c86b0b0e4d960120737dbe2409361c9b39dfc3d8},
  file = {/home/bedw/Documents/papers/Marenco2020.pdf}
}

@article{Marvel2009,
  title = {Energy Landscape of Social Balance.},
  author = {Marvel, Seth A. and Strogatz, Steven H. and Kleinberg, Jon},
  date = {2009-11-04},
  journaltitle = {Physical Review Letters},
  volume = {103},
  number = {19},
  eprint = {20365960},
  eprinttype = {pmid},
  pages = {198701},
  doi = {10.1103/physrevlett.103.198701},
  keywords = {_tablet,🔴},
  annotation = {MAG ID: 1785502294},
  file = {/home/bedw/Documents/papers/Marvel2009.pdf}
}

@article{Marvel2011,
  title = {Continuous-Time Model of Structural Balance.},
  author = {Marvel, Seth A. and Kleinberg, Jon and Kleinberg, Robert and Strogatz, Steven H.},
  date = {2011-02-01},
  journaltitle = {Proceedings of the National Academy of Sciences of the United States of America},
  volume = {108},
  number = {5},
  eprint = {21199953},
  eprinttype = {pmid},
  pages = {1771--1776},
  doi = {10.1073/pnas.1013213108},
  pmcid = {3033300},
  keywords = {_tablet,🔴},
  annotation = {MAG ID: 2046643693},
  file = {/home/bedw/Documents/papers/Marvel2011.pdf}
}

@article{Meng2020,
  title = {Extended {{Structural Balance Theory}} and {{Method}} for {{Cooperative}}–{{Antagonistic Networks}}},
  author = {Meng, Deyuan and Du, Mingjun and Wu, Yuxin},
  date = {2020-05},
  journaltitle = {IEEE Transactions on Automatic Control},
  volume = {65},
  number = {5},
  pages = {2147--2154},
  issn = {1558-2523},
  doi = {10.1109/TAC.2019.2937759},
  eventtitle = {{{IEEE Transactions}} on {{Automatic Control}}},
  keywords = {🔴,Convergence,Cooperative–antagonistic network (CAN),Guidelines,impact index,Indexes,interval bipartite consensus,Laplace equations,Problem-solving,signed digraph,Social networking (online),structural balance,Topology},
  file = {/home/bedw/Documents/papers/Meng2020.pdf}
}

@article{Mones2014,
  title = {Shock Waves on Complex Networks},
  author = {Mones, Enys and Araújo, Nuno A. M. and Vicsek, Tamás and Herrmann, Hans J.},
  date = {2014-05-13},
  journaltitle = {Scientific Reports},
  shortjournal = {Sci Rep},
  volume = {4},
  number = {1},
  pages = {4949},
  publisher = {Nature Publishing Group},
  issn = {2045-2322},
  doi = {10.1038/srep04949},
  langid = {english},
  keywords = {🔴,Applied physics,Computational science,Nonlinear phenomena},
  file = {/home/bedw/Documents/papers/Mones2014.pdf}
}

@article{Montes-Orozco2020,
  title = {Identification of {{COVID-19 Spreaders Using Multiplex Networks Approach}}},
  author = {Montes-Orozco, Edwin and Mora-Gutiérrez, Roman Anselmo and family=Silva, given=Sergio-Gerardo, prefix=de-los-Cobos-, useprefix=true and Rincón-García, Eric-Alfredo and Torres-Cockrell, Gilberto-Sinuhe and {Jorge Juarez-Gomez} and Juarez-Gomez, Jorge and Obregón-Quintana, Bibiana and Lara-Velázquez, Pedro and Gutiérrez-Andrade, Miguel-Ángel},
  date = {2020-07-07},
  journaltitle = {IEEE Access},
  volume = {8},
  number = {8},
  eprint = {34192111},
  eprinttype = {pmid},
  pages = {122874--122883},
  doi = {10.1109/access.2020.3007726},
  annotation = {MAG ID: 3040810308},
  file = {/home/bedw/Documents/papers/Montes-Orozco2020.pdf}
}

@article{MoodyMucha2013,
  title = {Portrait of {{Political Party Polarization}}},
  author = {Moody, James and Mucha, Peter J.},
  date = {2013-04},
  journaltitle = {Network Science},
  volume = {1},
  number = {1},
  pages = {119--121},
  publisher = {Cambridge University Press},
  issn = {2050-1242, 2050-1250},
  doi = {10.1017/nws.2012.3},
  langid = {english},
  keywords = {⭕,🔴},
  file = {/home/bedw/Documents/papers/MoodyMucha2013.pdf}
}

@article{Morales-Bader2023,
  title = {Parliamentary Roll-Call Voting as a Complex Dynamical System: {{The}} Case of {{Chile}}},
  shorttitle = {Parliamentary Roll-Call Voting as a Complex Dynamical System},
  author = {Morales-Bader, Diego and Castillo, Ramón D. and Cox, Ralf F. A. and Ascencio-Garrido, Carlos},
  date = {2023-04-26},
  journaltitle = {PLOS ONE},
  shortjournal = {PLOS ONE},
  volume = {18},
  number = {4},
  pages = {e0281837},
  publisher = {Public Library of Science},
  issn = {1932-6203},
  doi = {10.1371/journal.pone.0281837},
  langid = {english},
  keywords = {⭕,Change detection,Chile (country),Complex systems,Dynamical systems,Elections,Entropy,Governments,Political parties},
  file = {/home/bedw/Documents/papers/Morales-Bader2023.pdf}
}

@article{MorrisonGabbay2020,
  title = {Community Detectability and Structural Balance Dynamics in Signed Networks},
  author = {Morrison, Megan and Gabbay, Michael},
  date = {2020-07-06},
  journaltitle = {Physical Review E},
  shortjournal = {Phys. Rev. E},
  volume = {102},
  number = {1},
  pages = {012304},
  publisher = {American Physical Society},
  doi = {10.1103/PhysRevE.102.012304},
  keywords = {🔴},
  file = {/home/bedw/Documents/papers/MorrisonGabbay2020.pdf;/home/bedw/Zotero/storage/E9BYKXBM/PhysRevE.102.html}
}

@article{Morrissette1958,
  title = {An {{Experimental Study}} of the {{Theory}} of {{Structural Balance}}},
  author = {Morrissette, Julian O.},
  date = {1958-08},
  journaltitle = {Human Relations},
  shortjournal = {Human Relations},
  volume = {11},
  number = {3},
  pages = {239--254},
  issn = {0018-7267, 1741-282X},
  doi = {10.1177/001872675801100304},
  langid = {english},
  keywords = {🔴},
  file = {/home/bedw/Documents/papers/Morrissette1958.pdf}
}

@article{Neal2014,
  title = {The Backbone of Bipartite Projections: {{Inferring}} Relationships from Co-Authorship, Co-Sponsorship, Co-Attendance and Other Co-Behaviors},
  shorttitle = {The Backbone of Bipartite Projections},
  author = {Neal, Zachary},
  date = {2014-10-01},
  journaltitle = {Social Networks},
  shortjournal = {Social Networks},
  volume = {39},
  pages = {84--97},
  issn = {0378-8733},
  doi = {10.1016/j.socnet.2014.06.001},
  langid = {english},
  keywords = {⭕,Bill co-sponsorship,Binarize,Dichotomize,Political network,Projection,Two-mode},
  file = {/home/bedw/Documents/papers/Neal2014.pdf;/home/bedw/Zotero/storage/6NJ42CRC/S0378873314000343.html}
}

@article{Neal2020,
  title = {A Sign of the Times? {{Weak}} and Strong Polarization in the {{U}}.{{S}}. {{Congress}}, 1973–2016},
  author = {Neal, Zachary P.},
  date = {2020-01-01},
  journaltitle = {Social Networks},
  volume = {60},
  pages = {103--112},
  doi = {10.1016/j.socnet.2018.07.007},
  keywords = {⭕},
  annotation = {MAG ID: 2894413073},
  file = {/home/bedw/Documents/papers/Neal2020.pdf}
}

@article{Newman2003,
  title = {The {{Structure}} and {{Function}} of {{Complex Networks}}},
  author = {Newman, Mark},
  date = {2003-01-01},
  journaltitle = {Siam Review},
  volume = {45},
  number = {2},
  pages = {167--256},
  doi = {10.1137/s003614450342480},
  keywords = {⭕},
  annotation = {MAG ID: 2148606196},
  file = {/home/bedw/Documents/papers/Newman2003.pdf}
}

@article{Newman2004,
  title = {Fast Algorithm for Detecting Community Structure in Networks.},
  author = {Newman, Mark},
  date = {2004-06-18},
  journaltitle = {Physical Review E},
  volume = {69},
  number = {6},
  eprint = {15244693},
  eprinttype = {pmid},
  pages = {066133--066133},
  doi = {10.1103/physreve.69.066133},
  keywords = {⭕},
  annotation = {MAG ID: 2089458547},
  file = {/home/bedw/Documents/papers/Newman2004.pdf}
}

@article{Newman2006,
  title = {Modularity and Community Structure in Networks},
  author = {Newman, Mark},
  date = {2006-06-06},
  journaltitle = {Proceedings of the National Academy of Sciences of the United States of America},
  volume = {103},
  number = {23},
  eprint = {16723398},
  eprinttype = {pmid},
  pages = {8577--8582},
  doi = {10.1073/pnas.0601602103},
  pmcid = {1482622},
  annotation = {MAG ID: 2151936673},
  file = {/home/bedw/Documents/papers/Newman2006.pdf}
}

@article{NewmanGirvan2004,
  title = {Finding and Evaluating Community Structure in Networks.},
  author = {Newman, Mark and Girvan, Michelle},
  date = {2004-02-26},
  journaltitle = {Physical Review E},
  volume = {69},
  number = {2},
  eprint = {14995526},
  eprinttype = {pmid},
  pages = {026113--026113},
  doi = {10.1103/physreve.69.026113},
  keywords = {⭕},
  annotation = {MAG ID: 2095293504},
  file = {/home/bedw/Documents/papers/NewmanGirvan2004.pdf}
}

@article{PabloHenriquez2021,
  title = {Politicians’ Willingness to Agree: Evidence from the Interactions in Twitter of {{Chilean}} Deputies},
  author = {{Pablo Henr'iquez} and {J. Sabat} and {Joseph Sullivan}},
  date = {2021},
  journaltitle = {Journal of Information Technology \&amp; Politics},
  doi = {10.1080/19331681.2022.2056278},
  annotation = {ARXIV\_ID: 2106.09163 S2ID: 2ed6212b1ac7872d7b26aec3996a587a64f3ad87},
  file = {/home/bedw/Documents/papers/PabloHenriquez2021.pdf}
}

@book{Pastor-Satorras2003,
  title = {Statistical Mechanics of Complex Networks},
  editor = {Pastor-Satorras, R. and Rubí, J. M. and Diaz-Guilera, A.},
  date = {2003},
  series = {Lecture Notes in Physics},
  number = {625},
  publisher = {Springer},
  location = {New York},
  eventtitle = {Sitges {{Conference}}},
  isbn = {978-3-540-40372-2},
  langid = {english},
  pagetotal = {206},
  keywords = {⭕,Congresses,Statistical mechanics}
}

@article{Peixoto2017,
  title = {Nonparametric {{Bayesian}} Inference of the Microcanonical Stochastic Block Model},
  author = {Peixoto, Tiago P.},
  date = {2017-01-17},
  journaltitle = {Physical Review E},
  shortjournal = {Phys. Rev. E},
  volume = {95},
  number = {1},
  pages = {012317},
  publisher = {American Physical Society},
  doi = {10.1103/PhysRevE.95.012317},
  keywords = {🔴},
  file = {/home/bedw/Documents/papers/Peixoto2017.pdf;/home/bedw/Zotero/storage/FH2SN5RY/PhysRevE.95.html}
}

@incollection{Peixoto2019,
  title = {Bayesian {{Stochastic Blockmodeling}}},
  booktitle = {Advances in {{Network Clustering}} and {{Blockmodeling}}},
  author = {Peixoto, Tiago P.},
  date = {2019},
  pages = {289--332},
  publisher = {John Wiley \& Sons, Ltd},
  doi = {10.1002/9781119483298.ch11},
  isbn = {978-1-119-48329-8},
  langid = {english},
  keywords = {🔴,Bayesian inference approach,Bayesian stochastic blockmodeling,microcanonical models,minimum description length principle,network analysis,statistical evidence},
  file = {/home/bedw/Documents/papers/Peixoto2019.pdf;/home/bedw/Zotero/storage/M9V8AKRI/9781119483298.html}
}

@article{PooleRosenthal1985,
  title = {A {{Spatial Model}} for {{Legislative Roll Call Analysis}}},
  author = {Poole, Keith T. and Rosenthal, Howard},
  date = {1985-05},
  journaltitle = {American Journal of Political Science},
  shortjournal = {American Journal of Political Science},
  volume = {29},
  number = {2},
  eprint = {2111172},
  eprinttype = {jstor},
  pages = {357},
  issn = {00925853},
  doi = {10.2307/2111172},
  file = {/home/bedw/Documents/papers/PooleRosenthal1985.pdf}
}

@article{Porter2005,
  title = {A Network Analysis of Committees in the {{U}}.{{S}}. {{House}} of {{Representatives}}},
  author = {Porter, Mason A. and Mucha, Peter J. and Newman, M. E. J. and Warmbrand, Casey M.},
  date = {2005-05-17},
  journaltitle = {Proceedings of the National Academy of Sciences},
  volume = {102},
  number = {20},
  pages = {7057--7062},
  publisher = {Proceedings of the National Academy of Sciences},
  doi = {10.1073/pnas.0500191102},
  keywords = {🔴},
  file = {/home/bedw/Documents/papers/Porter22.pdf}
}

@article{Rabbani2019,
  title = {Mean-Field Solution of Structural Balance Dynamics in Nonzero Temperature},
  author = {Rabbani, F. and Shirazi, Amir H. and Jafari, G. R.},
  date = {2019-06-10},
  journaltitle = {Physical Review E},
  shortjournal = {Phys. Rev. E},
  volume = {99},
  number = {6},
  pages = {062302},
  publisher = {American Physical Society},
  doi = {10.1103/PhysRevE.99.062302},
  keywords = {⭕},
  file = {/home/bedw/Documents/papers/Rabbani2019.pdf;/home/bedw/Zotero/storage/D8K8NNJE/PhysRevE.99.html}
}

@article{ReichardtBornholdt2006,
  title = {Statistical Mechanics of Community Detection.},
  author = {Reichardt, Joerg and Bornholdt, Stefan},
  date = {2006-07-18},
  journaltitle = {Physical Review E},
  volume = {74},
  number = {1},
  eprint = {16907154},
  eprinttype = {pmid},
  pages = {016110},
  doi = {10.1103/physreve.74.016110},
  keywords = {⭕},
  annotation = {MAG ID: 2025543856},
  file = {/home/bedw/Documents/papers/ReichardtBornholdt2006.pdf}
}

@article{Ringe2013,
  title = {Keeping {{Your Friends Close}} and {{Your Enemies Closer}}: {{Information Networks}} in {{Legislative Politics}}},
  author = {Ringe, Nils and Victor, Jennifer Nicoll and Gross, Justin H.},
  date = {2013-07-01},
  journaltitle = {British Journal of Political Science},
  volume = {43},
  number = {3},
  pages = {601--628},
  doi = {10.1017/s0007123412000518},
  keywords = {_tablet,🔴},
  annotation = {MAG ID: 2058575114},
  file = {/home/bedw/Documents/papers/Ringe2013.pdf}
}

@article{SchochBrandes2020,
  title = {Legislators’ Roll-Call Voting Behavior Increasingly Corresponds to Intervals in the Political Spectrum},
  author = {Schoch, David and Brandes, Ulrik},
  date = {2020},
  journaltitle = {Scientific Reports},
  volume = {10},
  number = {1},
  eprint = {33060656},
  eprinttype = {pmid},
  pages = {17369--17369},
  doi = {10.1038/s41598-020-74175-w},
  pmcid = {7566643},
  keywords = {⭕},
  annotation = {MAG ID: 3093236745 S2ID: f5ababc3a5a374cfad1f27dd332bd80f672e0213},
  file = {/home/bedw/Documents/papers/SchochBrandes2020.pdf}
}

@article{Serrano2009,
  title = {Extracting the Multiscale Backbone of Complex Weighted Networks},
  author = {Serrano, M. Ángeles and Boguñá, Marián and Vespignani, Alessandro},
  date = {2009-04-21},
  journaltitle = {Proceedings of the National Academy of Sciences},
  volume = {106},
  number = {16},
  pages = {6483--6488},
  publisher = {Proceedings of the National Academy of Sciences},
  doi = {10.1073/pnas.0808904106},
  keywords = {🔴},
  file = {/home/bedw/Documents/papers/Serrano2009.pdf}
}

@article{Sheykhali2020,
  title = {Partial Balance in Social Networks with Stubborn Links},
  author = {Sheykhali, Somaye and Darooneh, Amir Hossein and Jafari, Gholam Reza},
  date = {2020-06-15},
  journaltitle = {Physica A: Statistical Mechanics and its Applications},
  shortjournal = {Physica A: Statistical Mechanics and its Applications},
  volume = {548},
  pages = {123882},
  issn = {0378-4371},
  doi = {10.1016/j.physa.2019.123882},
  langid = {english},
  keywords = {🔴,Balance theory,Link communities,Partial balance,Signed networks,Structural analysis,Stubborn links},
  file = {/home/bedw/Documents/papers/Sheykhali2020.pdf;/home/bedw/Zotero/storage/SNPQSVAC/S0378437119321557.html}
}

@article{Sridevi2020,
  title = {A {{Note}} on {{Detection}} of {{Communities}} in {{Social Networks}}},
  author = {Sridevi, P.},
  date = {2020-03-19},
  journaltitle = {International Journal of Engineering and Computer Science},
  volume = {9},
  number = {03},
  pages = {24978--24983},
  issn = {2319-7242},
  doi = {10.18535/ijecs/v9i03.4452},
  issue = {03},
  langid = {english},
  keywords = {🔴,Clustering Coefficient.,communities,Social Networks,Strong,Triangle counting},
  file = {/home/bedw/Documents/papers/Sridevi2020.pdf}
}

@article{Stauffer2000,
  title = {Generalization to Square Lattice of Sznajd Sociophysics Model},
  author = {Stauffer, D. and Sousa, A. O. and De Oliveira, S. Moss},
  date = {2000-09},
  journaltitle = {International Journal of Modern Physics C},
  shortjournal = {Int. J. Mod. Phys. C},
  volume = {11},
  number = {06},
  pages = {1239--1245},
  publisher = {World Scientific Publishing Co.},
  issn = {0129-1831},
  doi = {10.1142/S012918310000105X},
  keywords = {🔴,Antiferromagnetism,Cellular Automata,Dynamics,Ferromagnetism,Fixed Point},
  file = {/home/bedw/Documents/papers/Stauffer2000.pdf}
}

@article{Stauffer2002,
  title = {Sociophysics: The {{Sznajd}} Model and Its Applications},
  shorttitle = {Sociophysics},
  author = {Stauffer, Dietrich},
  date = {2002-06-15},
  journaltitle = {Computer Physics Communications},
  shortjournal = {Computer Physics Communications},
  series = {Proceedings of the {{STATPHYS Satellite Conference}}: {{Challenges}} in {{Computational Statistical Physics}} in Teh 21st {{Century}}},
  volume = {146},
  number = {1},
  pages = {93--98},
  issn = {0010-4655},
  doi = {10.1016/S0010-4655(02)00439-3},
  keywords = {🔴},
  file = {/home/bedw/Documents/papers/Stauffer2002.pdf;/home/bedw/Zotero/storage/6UTLDWB8/S0010465502004393.html}
}

@article{StrohmaierWagner2014,
  title = {Computational {{Social Science}} for the {{World Wide Web}}},
  author = {Strohmaier, Markus and Wagner, Claudia},
  date = {2014-09},
  journaltitle = {IEEE Intelligent Systems},
  volume = {29},
  number = {5},
  pages = {84--88},
  issn = {1941-1294},
  doi = {10.1109/MIS.2014.80},
  eventtitle = {{{IEEE Intelligent Systems}}},
  keywords = {🔴},
  file = {/home/bedw/Zotero/storage/ZSPJ3T65/6949513.html}
}

@article{Suchecki2005,
  title = {Conservation Laws for the Voter Model in Complex Networks},
  author = {Suchecki, K and Eguíluz, V. M and Miguel, M. San},
  date = {2005-01},
  journaltitle = {Europhysics Letters (EPL)},
  shortjournal = {Europhys. Lett.},
  volume = {69},
  number = {2},
  pages = {228--234},
  issn = {0295-5075, 1286-4854},
  doi = {10.1209/epl/i2004-10329-8},
  keywords = {Condensed Matter - Other Condensed Matter},
  file = {/home/bedw/Documents/papers/Suchecki2005.pdf}
}

@article{Sznajd-WeronSznajd2000,
  title = {Opinion Evolution in Closed Community},
  author = {Sznajd-Weron, Katarzyna and Sznajd, Józef},
  date = {2000-09},
  journaltitle = {International Journal of Modern Physics C},
  shortjournal = {Int. J. Mod. Phys. C},
  volume = {11},
  number = {06},
  pages = {1157--1165},
  publisher = {World Scientific Publishing Co.},
  issn = {0129-1831},
  doi = {10.1142/S0129183100000936},
  keywords = {🔴,05.65.+b Self-Organized Systems,75.50.Lk Spin Glasses and Other Random Magnets,87.23.Ge Dynamics of Social Systems},
  file = {/home/bedw/Documents/papers/Sznajd-WeronSznajd2000.pdf}
}

@article{Sznajd-WeronSznajd2005,
  title = {Who Is Left, Who Is Right?},
  author = {Sznajd-Weron, Katarzyna and Sznajd, Józef},
  date = {2005-06-15},
  journaltitle = {Physica A: Statistical Mechanics and its Applications},
  shortjournal = {Physica A: Statistical Mechanics and its Applications},
  volume = {351},
  number = {2},
  pages = {593--604},
  issn = {0378-4371},
  doi = {10.1016/j.physa.2004.12.038},
  keywords = {🔴,Agent-based model,Ashkin–Teller,Ising model},
  file = {/home/bedw/Documents/papers/Sznajd-WeronSznajd2005.pdf;/home/bedw/Zotero/storage/HGVQIW4S/S0378437104016061.html}
}

@article{Talaga2023,
  title = {Polarization and Multiscale Structural Balance in Signed Networks},
  author = {Talaga, Szymon and Stella, Massimo and Swanson, Trevor James and Teixeira, Andreia Sofia},
  date = {2023-12-01},
  journaltitle = {Communications Physics},
  shortjournal = {Commun Phys},
  volume = {6},
  number = {1},
  pages = {1--15},
  publisher = {Nature Publishing Group},
  issn = {2399-3650},
  doi = {10.1038/s42005-023-01467-8},
  issue = {1},
  langid = {english},
  keywords = {🔴,Complex networks,Computational science},
  file = {/home/bedw/Documents/papers/Talaga2023.pdf}
}

@article{Tapiero1972,
  title = {The {{Theory}} of {{Graphs}} in {{Behavioral Science}}*},
  author = {Tapiero, Charles S.},
  date = {1972},
  journaltitle = {Decision Sciences},
  volume = {3},
  number = {1},
  pages = {57--81},
  issn = {1540-5915},
  doi = {10.1111/j.1540-5915.1972.tb00526.x},
  langid = {english},
  keywords = {🔴},
  file = {/home/bedw/Documents/papers/Tapiero1972.pdf;/home/bedw/Zotero/storage/IUWG75XU/j.1540-5915.1972.tb00526.html}
}

@article{TerziWinkler2011,
  title = {A Spectral Algorithm for Computing Social Balance},
  author = {Terzi, Evimaria and Winkler, Marco},
  date = {2011-05-27},
  pages = {1--13},
  doi = {10.1007/978-3-642-21286-4_1},
  keywords = {⭕},
  annotation = {MAG ID: 2136697920},
  file = {/home/bedw/Documents/papers/TerziWinkler2011.pdf}
}

@article{TraagBruggeman2009,
  title = {Community Detection in Networks with Positive and Negative Links},
  author = {Traag, V. A. and Bruggeman, Jeroen},
  date = {2009-09-21},
  journaltitle = {Physical Review E},
  shortjournal = {Phys. Rev. E},
  volume = {80},
  number = {3},
  pages = {036115},
  issn = {1539-3755, 1550-2376},
  doi = {10.1103/PhysRevE.80.036115},
  langid = {english},
  file = {/home/bedw/Documents/papers/TraagBruggeman2009.pdf}
}

@article{UrbanKeitt2001,
  title = {Landscape {{Connectivity}}: {{A Graph-Theoretic Perspective}}},
  shorttitle = {Landscape {{Connectivity}}},
  author = {Urban, Dean and Keitt, Timothy},
  date = {2001},
  journaltitle = {Ecology},
  volume = {82},
  number = {5},
  pages = {1205--1218},
  issn = {1939-9170},
  doi = {10.1890/0012-9658(2001)082[1205:LCAGTP]2.0.CO;2},
  langid = {english},
  keywords = {🔴,connectivity,conservation biology,dispersal,graph theory,habitat fragmentation,habitat patches and landscape connectivity,habitat pattern,landscape ecology,metapopulation theory,minimum spanning tree,Strix occidentalis lucidus.},
  file = {/home/bedw/Documents/papers/UrbanKeitt2001.pdf;/home/bedw/Zotero/storage/HC6IZ2KH/0012-9658(2001)082[1205LCAGTP]2.0.html}
}

@article{VanDeRijt2011,
  title = {The {{Micro-Macro Link}} for the {{Theory}} of {{Structural Balance}}},
  author = {Van De Rijt, Arnout},
  date = {2011-01-25},
  journaltitle = {The Journal of Mathematical Sociology},
  volume = {35},
  number = {1-3},
  pages = {94--113},
  publisher = {Routledge},
  issn = {0022-250X},
  doi = {10.1080/0022250X.2010.532262},
  keywords = {🔴,balance theory,dynamic models,social networks},
  file = {/home/bedw/Documents/papers/VanDeRijt2011.pdf}
}

@article{Vecchio2017,
  title = {Connectome: {{Graph}} Theory Application in Functional Brain Network Architecture},
  shorttitle = {Connectome},
  author = {Vecchio, Fabrizio and Miraglia, Francesca and Maria Rossini, Paolo},
  date = {2017-01-01},
  journaltitle = {Clinical Neurophysiology Practice},
  shortjournal = {Clinical Neurophysiology Practice},
  volume = {2},
  pages = {206--213},
  issn = {2467-981X},
  doi = {10.1016/j.cnp.2017.09.003},
  keywords = {🔴,EEG,eLORETA,Functional connectivity,Graph theory,Resting-state networks},
  file = {/home/bedw/Documents/papers/Vecchio2017.pdf;/home/bedw/Zotero/storage/U7EMW95A/S2467981X17300276.html}
}

@article{Vieira2019,
  title = {Anomalous Diffusion Behavior in Parliamentary Presence},
  author = {Vieira, Denner S. and Riveros, Jesus M. E. and Jauregui, Max and Mendes, Renio S.},
  date = {2019-04-25},
  journaltitle = {Physical Review E},
  shortjournal = {Phys. Rev. E},
  volume = {99},
  number = {4},
  pages = {042141},
  issn = {2470-0045, 2470-0053},
  doi = {10.1103/PhysRevE.99.042141},
  langid = {english},
  keywords = {🔴},
  file = {/home/bedw/Documents/papers/Vieira2019.pdf}
}

@article{Wang2013,
  title = {An Improvement of the Fast Uncovering Community Algorithm},
  author = {Wang, Li and {Jiang Wang} and Wang, Jiang and Shen, Huawei and Cheng, Xueqi},
  date = {2013-10-01},
  journaltitle = {Chinese Physics B},
  volume = {22},
  number = {10},
  pages = {108903},
  doi = {10.1088/1674-1056/22/10/108903},
  annotation = {MAG ID: 2204376737},
  file = {/home/bedw/Documents/papers/Wang2013.pdf}
}

@book{WassermanFaust1994,
  title = {Social {{Network Analysis}}: {{Methods}} and {{Applications}}},
  author = {Wasserman, Stanley and Faust, Katherine},
  date = {1994-11-25},
  annotation = {MAG ID: 2061901927}
}

@article{WattsStrogatz1998,
  title = {Collective Dynamics of ‘Small-World’ Networks},
  author = {Watts, Duncan J. and Strogatz, Steven H.},
  date = {1998-06},
  journaltitle = {Nature},
  volume = {393},
  number = {6684},
  pages = {440--442},
  publisher = {Nature Publishing Group},
  issn = {1476-4687},
  doi = {10.1038/30918},
  issue = {6684},
  langid = {english},
  keywords = {🔴,Humanities and Social Sciences,multidisciplinary,Science},
  file = {/home/bedw/Documents/papers/WattsStrogatz1998.pdf}
}

@online{Waugh2009,
  title = {Party {{Polarization}} in {{Congress}}: {{A Network Science Approach}}},
  author = {Waugh, Andrew Scott and Pei, Liuyi and Fowler, James H. and Mucha, Peter J. and Porter, Mason A.},
  date = {2009-07-20},
  pubstate = {preprint},
  keywords = {⛔ No DOI found,⭕,🔴,Physics - Physics and Society},
  annotation = {MAG ID: 1744091570},
  file = {/home/bedw/Documents/papers/Waugh2009.pdf;/home/bedw/Zotero/storage/XCI2LV36/0907.html}
}

@article{Weidlich1971,
  title = {The {{Statistical Description}} of {{Polarization Phenomena}} in {{Society}}†},
  author = {Weidlich, W.},
  date = {1971},
  journaltitle = {British Journal of Mathematical and Statistical Psychology},
  volume = {24},
  number = {2},
  pages = {251--266},
  issn = {2044-8317},
  doi = {10.1111/j.2044-8317.1971.tb00470.x},
  langid = {english},
  keywords = {🔴},
  file = {/home/bedw/Documents/papers/Weidlich1971.pdf;/home/bedw/Zotero/storage/DFHWL2ZA/j.2044-8317.1971.tb00470.html}
}

@article{Whittle1985,
  title = {Partial {{Balance}} and {{Insensitivity}}},
  author = {Whittle, P.},
  date = {1985},
  journaltitle = {Journal of Applied Probability},
  volume = {22},
  number = {1},
  eprint = {3213756},
  eprinttype = {jstor},
  pages = {168--176},
  publisher = {Applied Probability Trust},
  issn = {0021-9002},
  doi = {10.2307/3213756},
  keywords = {🔴},
  file = {/home/bedw/Documents/papers/Whittle1985.pdf}
}

@article{Whittle1986,
  title = {Partial {{Balance}}, {{Insensitivity}} and {{Weak Coupling}}},
  author = {Whittle, P.},
  date = {1986},
  journaltitle = {Advances in Applied Probability},
  volume = {18},
  number = {3},
  eprint = {1427184},
  eprinttype = {jstor},
  pages = {706--723},
  publisher = {Applied Probability Trust},
  issn = {0001-8678},
  doi = {10.2307/1427184},
  keywords = {⭕,🔴},
  file = {/home/bedw/Documents/papers/Whittle1986.pdf}
}

@article{Wichmann2008,
  title = {The {{Emerging Field}} of {{Language Dynamics}}},
  author = {Wichmann, Søren},
  date = {2008},
  journaltitle = {Language and Linguistics Compass},
  volume = {2},
  number = {3},
  pages = {442--455},
  issn = {1749-818X},
  doi = {10.1111/j.1749-818X.2008.00062.x},
  langid = {english},
  keywords = {⭕,🔴},
  file = {/home/bedw/Documents/papers/Wichmann2008.pdf;/home/bedw/Zotero/storage/A2RXUEYY/j.1749-818X.2008.00062.html}
}

@article{Wu2019,
  title = {Structural Balance and Dynamics over Signed {{BA}} Scale-Free Network},
  author = {Wu, Yue and Gao, Lanlin and Zhang, Yi and Xiong, Xi},
  date = {2019-07-01},
  journaltitle = {Physica A: Statistical Mechanics and its Applications},
  shortjournal = {Physica A: Statistical Mechanics and its Applications},
  volume = {525},
  pages = {866--877},
  issn = {0378-4371},
  doi = {10.1016/j.physa.2019.04.038},
  langid = {english},
  keywords = {🔴,Binary group,Dynamics,Signed network,Structural balance},
  file = {/home/bedw/Documents/papers/Wu2019.pdf;/home/bedw/Zotero/storage/BW5FRFPC/S0378437119304182.html}
}

@article{Zhang2008,
  title = {Community Structure in {{Congressional}} Cosponsorship Networks},
  author = {Zhang, Yan and Friend, A. J. and Traud, Amanda L. and Porter, Mason A. and Fowler, James H. and Mucha, Peter J.},
  date = {2008-03-01},
  journaltitle = {Physica A: Statistical Mechanics and its Applications},
  shortjournal = {Physica A: Statistical Mechanics and its Applications},
  volume = {387},
  number = {7},
  pages = {1705--1712},
  issn = {0378-4371},
  doi = {10.1016/j.physa.2007.11.004},
  keywords = {⭕,🔴,Community structure,Complex networks,Modularity,Social networks},
  file = {/home/bedw/Documents/papers/Zhang22.pdf;/home/bedw/Zotero/storage/55KRFACZ/S037843710701206X.html}
}

@article{Zhao2017,
  title = {Statistical Inference for Community Detection in Signed Networks},
  author = {Zhao, Xuehua and Yang, Bo and Liu, Xueyan and Chen, Huiling},
  date = {2017-04-17},
  journaltitle = {Physical Review E},
  shortjournal = {Phys. Rev. E},
  volume = {95},
  number = {4},
  pages = {042313},
  publisher = {American Physical Society},
  doi = {10.1103/PhysRevE.95.042313},
  keywords = {⭕,🔴},
  file = {/home/bedw/Documents/papers/Zhao2017.pdf;/home/bedw/Zotero/storage/YBXSVFEU/PhysRevE.95.html}
}

@article{Zheng2015,
  title = {Social Balance in Signed Networks},
  author = {Zheng, Xiaolong and Zeng, Daniel and Wang, Fei-Yue},
  date = {2015-10},
  journaltitle = {Information Systems Frontiers},
  shortjournal = {Inf Syst Front},
  volume = {17},
  number = {5},
  pages = {1077--1095},
  issn = {1387-3326, 1572-9419},
  doi = {10.1007/s10796-014-9483-8},
  langid = {english},
  keywords = {_tablet},
  file = {/home/bedw/Documents/papers/Zheng2015.pdf}
}
